
@misc{bib01:BA:Online,
	author = {Josep Curto},
	title = {Inmon vs Kimballc},
	year = {2006},
	howpublished = {Recuperado de: {http://josepcurto.com/2006/11/28/dw-definiciones-de-inmon-y-kimball/}},
	note = {Accedido 29-05-2019}
}

@misc{bib01:BA:Online,
	author = {Victor Dertiano},
	title = {Arquitectura BI (Parte IV): Comparativa entre Inmon y Kimball},
	year = {2016},
	howpublished = {https://blog.bi-geek.com/arquitectura-comparativa-inmon-y-kimball/},
	note = {Accedido 29-05-2019}
}







